<record><leader>00000cas a2200000 a 4500</leader><controlfield tag="001">10489540</controlfield><controlfield tag="008">840306d18901899iludn ne      0   a0eng c</controlfield><datafield ind1=" " ind2=" " tag="010"><subfield code="a">sn 84024092 </subfield></datafield><datafield ind1=" " ind2=" " tag="040"><subfield code="a">NPV</subfield><subfield code="b">eng</subfield><subfield code="c">NPV</subfield><subfield code="d">NVF</subfield><subfield code="d">OCLCQ</subfield><subfield code="d">OCLCF</subfield><subfield code="d">NVF</subfield><subfield code="d">OCLCO</subfield></datafield><datafield ind1="1" ind2=" " tag="029"><subfield code="a">AU@</subfield><subfield code="b">000020415161</subfield></datafield><datafield ind1=" " ind2=" " tag="042"><subfield code="a">pcc</subfield></datafield><datafield ind1=" " ind2=" " tag="043"><subfield code="a">n-us-il</subfield></datafield><datafield ind1="0" ind2="0" tag="245"><subfield code="a">Morning herald-dispatch.</subfield></datafield><datafield ind1="3" ind2=" " tag="246"><subfield code="a">Morning herald dispatch</subfield></datafield><datafield ind1="3" ind2=" " tag="246"><subfield code="a">Morning herald-despatch</subfield></datafield><datafield ind1=" " ind2=" " tag="260"><subfield code="a">Decatur, Ill. :</subfield><subfield code="b">Herald-despatch Co.,</subfield><subfield code="c">1890-1899.</subfield></datafield><datafield ind1=" " ind2=" " tag="300"><subfield code="a">v.</subfield></datafield><datafield ind1=" " ind2=" " tag="310"><subfield code="a">Daily (except Monday)</subfield></datafield><datafield ind1="0" ind2=" " tag="362"><subfield code="a">Vol. 10, no. 128 (Mar. 2, 1890)-v. 19, no. 17 (Aug. 25, 1899).</subfield></datafield><datafield ind1=" " ind2=" " tag="580"><subfield code="a">Formed by the union of: Decatur daily despatch and: Decatur morning herald.</subfield></datafield><datafield ind1=" " ind2="0" tag="651"><subfield code="a">Decatur (Ill.)</subfield><subfield code="v">Newspapers.</subfield></datafield><datafield ind1=" " ind2="7" tag="651"><subfield code="a">Illinois</subfield><subfield code="z">Decatur.</subfield><subfield code="2">fast</subfield><subfield code="0">(OCoLC)fst01208165</subfield></datafield><datafield ind1=" " ind2="7" tag="655"><subfield code="a">Newspapers.</subfield><subfield code="2">fast</subfield><subfield code="0">(OCoLC)fst01423814</subfield></datafield><datafield ind1=" " ind2=" " tag="752"><subfield code="a">United States</subfield><subfield code="b">Illinois</subfield><subfield code="c">Macon</subfield><subfield code="d">Decatur.</subfield></datafield><datafield ind1="0" ind2=" " tag="775"><subfield code="t">Weekly herald-despatch</subfield><subfield code="w">(DLC)sn2007061007</subfield><subfield code="w">(OCoLC)86125961</subfield></datafield><datafield ind1="0" ind2=" " tag="775"><subfield code="t">Herald-despatch (Decatur, Ill. : 1890)</subfield><subfield code="w">(DLC)sn2007061006</subfield><subfield code="w">(OCoLC)86116372</subfield></datafield><datafield ind1="0" ind2=" " tag="775"><subfield code="t">Herald-despatch</subfield><subfield code="w">(DLC)sn 90054706</subfield><subfield code="w">(OCoLC)22714779</subfield></datafield><datafield ind1="1" ind2="4" tag="780"><subfield code="t">Decatur daily despatch</subfield><subfield code="w">(DLC)sn 90054704</subfield><subfield code="w">(OCoLC)22714726</subfield></datafield><datafield ind1="1" ind2="4" tag="780"><subfield code="t">Decatur morning herald</subfield><subfield code="w">(DLC)sn 87082634</subfield><subfield code="w">(OCoLC)15812402</subfield></datafield><datafield ind1="0" ind2="0" tag="785"><subfield code="t">Decatur herald (Decatur, Ill. : Daily)</subfield><subfield code="w">(DLC)sn 90054708</subfield><subfield code="w">(OCoLC)22714917</subfield></datafield></record>